<record><leader>00000cas a22000007a 4500</leader><controlfield tag="001">12742004</controlfield><controlfield tag="008">851031d19531957wiuwr ne      0    0eng d</controlfield><datafield ind1=" " ind2=" " tag="010"><subfield code="a">sn 85041287 </subfield></datafield><datafield ind1=" " ind2=" " tag="040"><subfield code="a">NPV</subfield><subfield code="b">eng</subfield><subfield code="c">NPV</subfield><subfield code="d">OCLCQ</subfield></datafield><datafield ind1=" " ind2=" " tag="042"><subfield code="a">msc</subfield></datafield><datafield ind1=" " ind2=" " tag="045"><subfield code="a">x5x5</subfield></datafield><datafield ind1=" " ind2=" " tag="052"><subfield code="a">4123</subfield><subfield code="b">E2</subfield></datafield><datafield ind1="0" ind2="0" tag="245"><subfield code="a">Fall Creek tribune.</subfield></datafield><datafield ind1=" " ind2=" " tag="260"><subfield code="a">Fall Creek, Wis. :</subfield><subfield code="b">H.V. Albrecht,</subfield><subfield code="c">1953-1957.</subfield></datafield><datafield ind1=" " ind2=" " tag="300"><subfield code="a">v.</subfield></datafield><datafield ind1=" " ind2=" " tag="310"><subfield code="a">Weekly</subfield></datafield><datafield ind1="0" ind2=" " tag="362"><subfield code="a">Vol. 1, no. 1 (Sept. 24, 1953)-n. 28 (Mar. 28, 1957).</subfield></datafield><datafield ind1=" " ind2=" " tag="500"><subfield code="a">Publisher varies.</subfield></datafield><datafield ind1=" " ind2=" " tag="500"><subfield code="a">Editor: A. Johnson, Sept. 24, 1953-Sept. 23, 1954.</subfield></datafield><datafield ind1=" " ind2=" " tag="530"><subfield code="a">Available on microfilm from The State Historical Society of Wisconsin.</subfield></datafield><datafield ind1=" " ind2=" " tag="752"><subfield code="a">United States</subfield><subfield code="b">Wisconsin</subfield><subfield code="c">Eau Claire</subfield><subfield code="d">Fall Creek.</subfield></datafield><datafield ind1="0" ind2="0" tag="785"><subfield code="t">Eau Claire County herald</subfield><subfield code="w">(DLC)sn 85041288</subfield></datafield><datafield ind1="1" ind2=" " tag="029"><subfield code="a">AU@</subfield><subfield code="b">000025812552</subfield></datafield></record>